
@article{michaelbeman2005,
	title = {Agricultural runoff fuels large phytoplankton blooms in vulnerable areas of the ocean},
	author = {Michael Beman, J. and Arrigo, Kevin R. and Matson, Pamela A.},
	year = {2005},
	month = {03},
	date = {2005-03},
	journal = {Nature},
	pages = {211--214},
	volume = {434},
	number = {7030},
	doi = {10.1038/nature03370},
	url = {http://dx.doi.org/10.1038/nature03370},
	langid = {en}
}

@article{liu2020,
	title = {Flow velocity on cultivated soil slope with wheat straw incorporation},
	author = {Liu, H.Q. and Yang, J.H. and Liu, C.X. and Diao, Y.F. and Ma, D.P. and Li, F.H. and Rahma, A.E. and Lei, T.W.},
	year = {2020},
	month = {05},
	date = {2020-05},
	journal = {Journal of Hydrology},
	pages = {124667},
	volume = {584},
	doi = {10.1016/j.jhydrol.2020.124667},
	url = {http://dx.doi.org/10.1016/j.jhydrol.2020.124667},
	langid = {en}
}

@article{shao2023,
	title = {A mathematical model using an equivalent exchange layer for predicting raindrop-induced nutrient ejection from soil to runoff on bare and vegetated slopes},
	author = {Shao, Fanfan and Tao, Wanghai and Wang, Quanjiu and Wu, Junhu and Su, Lijun and Yan, Haokui and Zhang, Yibo},
	year = {2023},
	month = {05},
	date = {2023-05},
	journal = {Journal of Hydrology},
	pages = {129546},
	volume = {620},
	doi = {10.1016/j.jhydrol.2023.129546},
	url = {http://dx.doi.org/10.1016/j.jhydrol.2023.129546},
	langid = {en}
}

@article{sun2020,
	title = {A review of applications of fractional advection-dispersion equations for anomalous solute transport in surface and subsurface water},
	author = {Sun, Liwei and Qiu, Han and Wu, Chuanhao and Niu, Jie and Hu, Bill X.},
	year = {2020},
	month = {05},
	date = {2020-05-11},
	journal = {WIREs Water},
	volume = {7},
	number = {4},
	doi = {10.1002/wat2.1448},
	url = {http://dx.doi.org/10.1002/wat2.1448},
	langid = {en}
}

@BOOK{Earle2015,
  title     = "Physical geology",
  author    = "Earle, Steven",
  publisher = "BCcampus",
  month     =  sep,
  year      =  2015,
  language  = "en"
}

@book{HAB2018, 
  title={Harmful algal blooms: A compendium desk reference}, 
  publisher={Wiley Blackwell, John Wiley &amp; Sons, Inc.}, 
  author={Shumway, Sandra E. and Burkholder, JoAnn M. and Morton, Steve L.}, 
  year={2018}
  } 



