@other{worldbankclimate,
  publisher = {World Bank Group},
  title = {Climate Change Knowledge Portal},
  year = {2023},
  url = {https://climateknowledgeportal.worldbank.org/}
}

@other{databackground2023,
  title = {Historical Data Validation},
  year = {2023},
  month = {08},
  publisher = {SolarAnywhere},
  institution = {Clean Power Researh},
  url = {https://www.solaranywhere.com/resources/validation/historical/}
}

@article{nairobi,
  title = {The Climate And Meteorology Of Nairobi Region, Kenya},
  author = {Ng'ang'a, JK},
  year = {1992},
  month = {05},
  journal = {Journal Of Social Development In Africa},
  volume = {7},
  number = {1,2},
  url = {http://erepository.uonbi.ac.ke:8080/xmlui/handle/123456789/33021}
}

@article{sharma2023,
	title = {Future Indian Ocean warming patterns},
	author = {Sharma, Sahil and Ha, Kyung-Ja and Yamaguchi, Ryohei and Rodgers, Keith B. and Timmermann, Axel and Chung, Eui-Seok},
	year = {2023},
	month = {03},
	date = {2023-03-30},
	journal = {Nature Communications},
	volume = {14},
	number = {1},
	doi = {10.1038/s41467-023-37435-7},
	url = {http://dx.doi.org/10.1038/s41467-023-37435-7},
	langid = {en}
}

@article{zang2020,
	title = {Short-term global horizontal irradiance forecasting based on a hybrid CNN-LSTM model with spatiotemporal correlations},
	author = {Zang, Haixiang and Liu, Ling and Sun, Li and Cheng, Lilin and Wei, Zhinong and Sun, Guoqiang},
	year = {2020},
	month = {11},
	date = {2020-11},
	journal = {Renewable Energy},
	pages = {26--41},
	volume = {160},
	doi = {10.1016/j.renene.2020.05.150},
	url = {http://dx.doi.org/10.1016/j.renene.2020.05.150},
	langid = {en}
}

@article{dambreville2014,
	title = {Very short term forecasting of the Global Horizontal Irradiance using a spatio-temporal autoregressive model},
	author = {Dambreville, Romain and Blanc, Philippe and Chanussot, Jocelyn and Boldo, Didier},
	year = {2014},
	month = {12},
	date = {2014-12},
	journal = {Renewable Energy},
	pages = {291--300},
	volume = {72},
	doi = {10.1016/j.renene.2014.07.012},
	url = {http://dx.doi.org/10.1016/j.renene.2014.07.012},
	langid = {en}
}
Requested from ILL, no access yet

@article{yang2015,
	title = {Forecasting of global horizontal irradiance by exponential smoothing, using decompositions},
	author = {Yang, Dazhi and Sharma, Vishal and Ye, Zhen and Lim, Lihong Idris and Zhao, Lu and Aryaputera, Aloysius W.},
	year = {2015},
	month = {03},
	date = {2015-03},
	journal = {Energy},
	pages = {111--119},
	volume = {81},
	doi = {10.1016/j.energy.2014.11.082},
	url = {http://dx.doi.org/10.1016/j.energy.2014.11.082},
	langid = {en}
}

@article{crook2011,
	title = {Climate change impacts on future photovoltaic and concentrated solar power energy output},
	author = {Crook, Julia A. and Jones, Laura A. and Forster, Piers M. and Crook, Rolf},
	year = {2011},
	date = {2011},
	journal = {Energy & Environmental Science},
	pages = {3101},
	volume = {4},
	number = {9},
	doi = {10.1039/c1ee01495a},
	url = {http://dx.doi.org/10.1039/C1EE01495A},
	langid = {en}
}

@article{wild2017,
	title = {Impact of climate change on future concentrated solar power (CSP) production},
	author = {Wild, Martin and Folini, Doris and Henschel, Florian},
	year = {2017},
	date = {2017},
	journal = {AIP Conference Proceedings},
	doi = {10.1063/1.4975562},
	url = {http://dx.doi.org/10.1063/1.4975562}
}

@article{boland2020,
	title = {Characterising Seasonality of Solar Radiation and Solar Farm Output},
	author = {Boland, John},
	year = {2020},
	month = {01},
	date = {2020-01-18},
	journal = {Energies},
	pages = {471},
	volume = {13},
	number = {2},
	doi = {10.3390/en13020471},
	url = {http://dx.doi.org/10.3390/en13020471},
	langid = {en}
}

@article{shahsavari2018,
	title = {Potential of solar energy in developing countries for reducing energy-related emissions},
	author = {Shahsavari, Amir and Akbari, Morteza},
	year = {2018},
	month = {07},
	date = {2018-07},
	journal = {Renewable and Sustainable Energy Reviews},
	pages = {275--291},
	volume = {90},
	doi = {10.1016/j.rser.2018.03.065},
	url = {http://dx.doi.org/10.1016/j.rser.2018.03.065},
	langid = {en}
}

@techreport{GHIbackground2012,
	title = {Global horizontal irradiance clear sky models : implementation and analysis.},
	author = {Stein, Joshua and Hansen, Clifford and Reno, Matthew},
	year = {2012},
	month = {03},
	date = {2012-03-01},
	doi = {10.2172/1039404},
	url = {http://dx.doi.org/10.2172/1039404}
}

@book{climlab2022,
	title = {climlab/climlab: Version 0.8.1},
	author = {Rose, Brian and Williams, Andrew and Kreuzer, Moritz and Cardinale, Chris and {Me√ülinger}, Sebastian and {Xoviat} and Abernathey, Ryan and {, Filipe} and Gierz, Paul},
	year = {2022},
	month = {05},
	date = {2022-05-24},
	publisher = {Zenodo},
	doi = {10.5281/ZENODO.6575235},
	url = {https://zenodo.org/record/6575235}
}

@inbook{insolationdefinition2016,
	title = {The Global Energy Balance},
	author = {Hartmann, Dennis L.},
	year = {2016},
	date = {2016},
	publisher = {Elsevier},
	pages = {25--48},
	doi = {10.1016/b978-0-12-328531-7.00002-5},
	url = {http://dx.doi.org/10.1016/B978-0-12-328531-7.00002-5}
}

@article{rhodes2010,
	title = {Solar Energy: Principles and Possibilities},
	author = {Rhodes, Christopher J.},
	year = {2010},
	month = {03},
	date = {2010-03},
	journal = {Science Progress},
	pages = {37--112},
	volume = {93},
	number = {1},
	doi = {10.3184/003685010x12626410325807},
	url = {http://dx.doi.org/10.3184/003685010X12626410325807},
	langid = {en}
}
